@misc{Lant2010,
author = {Lant, Michael},
booktitle = {Software Development, Agile Methods and the Intersection of People Process and Technology},
title = {{How To Make Your Project Not Suck by Using an Agile Project Charter}},
url = {http://michaellant.com/2010/05/18/how-to-make-your-project-not-suck/},
year = {2010}
}
@book{Rubin2012,
author = {Rubin, Kenneth S},
edition = {1st},
isbn = {0137043295, 9780137043293},
publisher = {Addison-Wesley Professional},
title = {{Essential Scrum: A Practical Guide to the Most Popular Agile Process}},
year = {2012}
}
@website{HP2018,
institution = {Hewlett-Packard},
title = {{HP Says Hello to Voice-Activated Printing}},
url = {https://garage.ext.hp.com/us/en/news/hp-says-hello-to-voice-activated-printing-.html},
year = {2018}
}
@website{Xerox2018,
institution = {Xerox},
title = {{AltaLink Multifunction Printers are Voice Activated}},
url = {https://www.xerox.com/en-us/office/altalink-voice-activated-printers},
year = {2018}
}
@website{Yahoo2013,
institution = {Yahoo},
title = {{Voice Activated 3D Printer for the Visually Impaired}},
url = {https://www.designboom.com/technology/voice-activated-3d-printer-for-the-visually-impaired/},
year = {2013}
}
@website{XYZ2018,
institution = {TechCrunch},
title = {{XYZprinting Adds Voice Control to its Color 3D Printers}},
url = {https://techcrunch.com/2018/01/08/xyzprinting-adds-voice-control-to-its-color-3d-printers/},
year = {2018}
}
@website{Scrum2018,
institution = {Serious Scrum},
title = {{Who decides what goes in the Sprint Backlog?}},
url = {https://medium.com/serious-scrum/who-decides-what-goes-in-the-sprint-backlog-4573ad9e1d57/},
year = {2018}
}